<?xml version="1.0" encoding="UTF-8"?><collection xmlns="http://www.loc.gov/MARC21/slim"><record><leader>00488nam--2200193-i-4500</leader><controlfield tag="001">000006065</controlfield><controlfield tag="002">20161230</controlfield><controlfield tag="005">20161230201026</controlfield><controlfield tag="008">060222s1000------------r-----000-0-fre-d</controlfield><datafield ind1=" " ind2=" " tag="040"><subfield code="a">IFIN-HH</subfield></datafield><datafield ind1=" " ind2=" " tag="041"><subfield code="a">fre</subfield></datafield><datafield ind1=" " ind2=" " tag="080"><subfield code="a">536.5</subfield></datafield><datafield ind1="1" ind2=" " tag="100"><subfield code="a">Bory, M</subfield></datafield><datafield ind1="1" ind2="0" tag="245"><subfield code="a">Mesures</subfield><subfield code="c">M. bory</subfield></datafield><datafield ind1=" " ind2=" " tag="260"><subfield code="a">Paris</subfield><subfield code="b">Centre De Documnetation Universitaire</subfield><subfield code="c">/1963</subfield></datafield><datafield ind1=" " ind2=" " tag="300"><subfield code="a">65 P</subfield></datafield><datafield ind1=" " ind2=" " tag="490"><subfield code="a">Rayonnement Et Mesures Termiques</subfield><subfield code="v">2-me Partie</subfield></datafield><datafield ind1=" " ind2=" " tag="852"><subfield code="a">17968</subfield><subfield code="c">536</subfield></datafield><datafield ind1=" " ind2=" " tag="CAT"><subfield code="a">Sys</subfield><subfield code="c">20110505</subfield><subfield code="h">113244</subfield></datafield></record></collection>